@MISC{note:caproles,
	author={Demleitner, M. and Harrison, P.},
	title={On the Use of Capabilities in the {VO}},
	year=2019,
	month=Mar,
	howpublished={{IVOA Note, 15 March 2019}},
	url={http://ivoa.net/documents/caproles/}
}
